@INPROCEEDINGS{analogical, 
author={C. Chen and S. Gao and Z. Xing}, 
booktitle={2016 IEEE 23rd International Conference on Software Analysis, Evolution, and Reengineering (SANER)}, 
title={Mining Analogical Libraries in Q amp;A Discussions -- Incorporating Relational and Categorical Knowledge into Word Embedding}, 
year={2016}, 
volume={1}, 
number={}, 
pages={338-348}, 
keywords={data mining;Internet;recommender systems;software libraries;analogical libraries mining;Q and A discussions;domain-specific relational knowledge;domain-specific categorical knowledge;word embedding;third-party libraries;software projects;Stack Overflow questions;proof-of-concept Web application;analogical libraries recommendation;Google Analytics;Libraries;Software;Java;Correlation;Context;Knowledge based systems;Analogical libraries;Word embedding;Knowledge graph;Relational knowledge;Categorical knowledge}, 
doi={10.1109/SANER.2016.21}, 
ISSN={}, 
month={March},}

@misc{stackoverflow,
author = {Stack-Overflow},
title = {Stack Overflow},
howpublished = "\url{http://www.stackoverflow.com}"}

@misc{similartech,
author = {Similartech},
title = {Similartech},
howpublished = "\url{https://graphofknowledge.appspot.com/similartech}"}

@misc{axios,
author = {Axios},
title = {Axios},
howpublished = "\url{https://github.com/axios/axios}"}

@misc{requests,
author = {Requests},
title = {Requests},
howpublished = "\url{https://github.com/requests/requests}"}

@INPROCEEDINGS{opinerarticle, 
author={G. Uddin and F. Khomh}, 
booktitle={2017 32nd IEEE/ACM International Conference on Automated Software Engineering (ASE)}, 
title={Opiner: An opinion search and summarization engine for APIs}, 
year={2017}, 
volume={}, 
number={}, 
pages={978-983}, 
keywords={application program interfaces;Internet;search engines;online developer forums;development tasks;API reviews;summarization engine;software development;industrial developers;opiner online search engine;Databases;Portals;Engines;Detectors;Software;Search engines;Opinion mining;API informal documentation;opinion summaries;study;summary quality}, 
doi={10.1109/ASE.2017.8115715}, 
ISSN={}, 
month={Oct},}

@misc{opiner,
author = {Opiner},
title = {Opiner},
howpublished = "\url{http://sentimin.soccerlab.polymtl.ca:38080/opinereval/}"}

@inproceedings{githubbadges,
  author = {Trockman, Asher and Zhou, Shurui and K\"{a}stner, Christian and Vasilescu, Bogdan},
  title = {Adding Sparkle to Social Coding: An Empirical Study of Repository Badges in the npm Ecosystem},
  booktitle = {International Conference on Software Engineering},
  series = {ICSE},
  abbrv = {ICSE 2018},
  year = {2018},
  publisher = {ACM},
  pages = {511-522},
  doi = {https://doi.org/10.1145/3180155.3180209},
  pubtype = {Conference papers (peer reviewed)}
}

@misc{github,
author = {GitHub},
title = {GitHub},
howpublished = {"\url{http://github.com/}"}
}

@misc{badgeimage,
    author = {{Marabesi}},
    title = {GitHub badges!(PHP repository)},
    year = {2015},
    note = {[Online; accessed Sept 19, 2018]},
    url = {https://marabesi.com/wp-content/uploads/2015/06/badges2.png}
}

@misc{npm,
author = {NPM},
title = {NPM JS},
howpublished = {"\url{https://www.npmjs.com/}"}
}

@misc{google,
author = {Google},
title = {Google},
howpublished = {"\url{https://www.google.com/}"}
}


@inproceedings{apiwave,
  author = {Hora, Andr√© C. and Valente, Marco Tulio},
  booktitle = {ICSME},
  isbn = {978-1-4673-7532-0},
  keywords = {dblp},
  pages = {321-323},
  publisher = {IEEE Computer Society},
  title = {Apiwave: Keeping track of API popularity and migration.},
  year = 2015
}

@misc{apiwavewebsite,
author = {apiwave},
title = {apiwave},
howpublished = {"\url{http://apiwave.com/}"}
}

@inproceedings{metrics,
  author= {Fernando L{\'{o}}pez de la Mora and Sarah Nadi},
  title= {Which library should {I} use?: a metric-based comparison of software libraries},
  booktitle = {{ICSE} {(NIER)}},
  pages     = {37--40},
  publisher = {{ACM}},
  year= 2018
}


@misc{boa,
author = {BOA},
title = {BOA},
howpublished = {"\url{
http://boa.cs.iastate.edu/}"}
}


@misc{spotbugs,
author = {SpotBugs},
title = {SpotBugs},
howpublished = {"\url{https://spotbugs.github.io/}"}
}

@misc{findsecbugs,
author = {FindSecBugs},
title = {FindSecBugs},
howpublished = {"\url{https://find-sec-bugs.github.io/}"}
}

@misc{gradle,
author = {Gradle},
title = {Gradle},
howpublished = {"\url{https://gradle.org/}"}
}

@misc{maven,
author = {Maven},
title = {Maven},
howpublished = {"\url{https://maven.apache.org/}"}
}

@misc{shields,
author = {Shields.io},
title = {Shields.io},
howpublished = {"\url{https://shields.io/#/}"}
}

@misc{stackexchangeapi,
author = {StackExchangeAPI},
title = {StackExchange API},
howpublished = {"\url{https://api.stackexchange.com/}"}
}

