@INPROCEEDINGS{analogical, 
author={C. Chen and S. Gao and Z. Xing}, 
booktitle={2016 IEEE 23rd International Conference on Software Analysis, Evolution, and Reengineering (SANER)}, 
title={Mining Analogical Libraries in Q amp;A Discussions -- Incorporating Relational and Categorical Knowledge into Word Embedding}, 
year={2016}, 
volume={1}, 
number={}, 
pages={338-348}, 
keywords={data mining;Internet;recommender systems;software libraries;analogical libraries mining;Q and A discussions;domain-specific relational knowledge;domain-specific categorical knowledge;word embedding;third-party libraries;software projects;Stack Overflow questions;proof-of-concept Web application;analogical libraries recommendation;Google Analytics;Libraries;Software;Java;Correlation;Context;Knowledge based systems;Analogical libraries;Word embedding;Knowledge graph;Relational knowledge;Categorical knowledge}, 
doi={10.1109/SANER.2016.21}, 
ISSN={}, 
month={March},}

@misc{stackoverflow,
author = {Stack Oveflow},
title = {Stack Overflow},
howpublished = "\url{http://www.stackoverflow.com}"}

@misc{similartech,
author = {similartech},
title = {similartech},
howpublished = "\url{https://graphofknowledge.appspot.com/similartech}"}


@misc{axios,
author = {Axios},
title = {Axios},
howpublished = "\url{https://github.com/axios/axios}"}

@misc{requests,
author = {Requests},
title = {Requests},
howpublished = "\url{https://github.com/requests/requests}"}